<record xmlns='http://www.loc.gov/MARC21/slim'><leader>01285cim a22003492u 4500</leader><controlfield tag='001'>3600161</controlfield><controlfield tag='005'>20151214182512.0</controlfield><controlfield tag='007'>ss|lmnjluz|nuu</controlfield><controlfield tag='008'>991101s1986    nyunnn         l    eng d</controlfield><datafield ind1=' ' ind2=' ' tag='035'><subfield code='a'>(NIC)notisASF7226</subfield></datafield><datafield ind1=' ' ind2=' ' tag='035'><subfield code='a'>3600161</subfield></datafield><datafield ind1=' ' ind2=' ' tag='035'><subfield code='a'>(OCoLC)63895638</subfield></datafield><datafield ind1=' ' ind2=' ' tag='040'><subfield code='a'>NIC</subfield><subfield code='c'>NIC</subfield><subfield code='d'>NIC</subfield></datafield><datafield ind1='1' ind2=' ' tag='100'><subfield code='a'>Kahane, Meir.</subfield></datafield><datafield ind1='1' ind2='0' tag='245'><subfield code='a'>Speaking at Cornell</subfield><subfield code='h'>[sound recording]</subfield></datafield><datafield ind1=' ' ind2=' ' tag='260'><subfield code='c'>1986.</subfield></datafield><datafield ind1=' ' ind2=' ' tag='300'><subfield code='a'>1 sound cassette (65 min.) :</subfield><subfield code='b'>analog, mono.</subfield></datafield><datafield ind1=' ' ind2=' ' tag='500'><subfield code='a'>Recorded in Ithaca, NY by Cornell University.</subfield></datafield><datafield ind1=' ' ind2=' ' tag='500'><subfield code='a'>Accompanied by: Notes.</subfield></datafield><datafield ind1=' ' ind2=' ' tag='500'><subfield code='a'>Sponsored by: Jewish Awareness Network.</subfield></datafield><datafield ind1=' ' ind2=' ' tag='500'><subfield code='a'>Speaker(s): Lecturer founded the Jewish Defense League and is a member of Israel&apos;s parliament, the Knesset.</subfield></datafield><datafield ind1=' ' ind2=' ' tag='518'><subfield code='a'>Lecture, November 16, 1986.</subfield></datafield><datafield ind1=' ' ind2=' ' tag='520'><subfield code='a'>Kahane presents his views on the state of Israel and the presence of Arabs in Israel while responding to a hostile, heckling crowd.</subfield></datafield><datafield ind1=' ' ind2='0' tag='650'><subfield code='a'>Jewish nationalism.</subfield></datafield><datafield ind1=' ' ind2='0' tag='650'><subfield code='a'>Jews</subfield><subfield code='x'>Identity.</subfield></datafield><datafield ind1=' ' ind2='0' tag='650'><subfield code='a'>Zionism.</subfield></datafield><datafield ind1=' ' ind2='7' tag='650'><subfield code='a'>Jewish nationalism</subfield><subfield code='2'>fast</subfield><subfield code='0'>(OCoLC)fst00982863</subfield></datafield><datafield ind1=' ' ind2='7' tag='650'><subfield code='a'>Jews</subfield><subfield code='x'>Identity</subfield><subfield code='2'>fast</subfield><subfield code='0'>(OCoLC)fst00983278</subfield></datafield><datafield ind1=' ' ind2='7' tag='650'><subfield code='a'>Zionism</subfield><subfield code='2'>fast</subfield><subfield code='0'>(OCoLC)fst01184468</subfield></datafield><datafield ind1='1' ind2=' ' tag='899'><subfield code='a'>CULectures</subfield></datafield><datafield ind1=' ' ind2=' ' tag='905'><subfield code='a'>19991201120000.0</subfield></datafield><datafield ind1='2' ind2=' ' tag='948'><subfield code='a'>20141221</subfield><subfield code='b'>m</subfield><subfield code='d'>batch</subfield><subfield code='e'>lts</subfield><subfield code='x'>addfast</subfield></datafield></record>